  @misc{ wiki:crosscor,
    author = "{Wikipedia contributors}",
    title = "Cross-correlation --- {Wikipedia}{,} The Free Encyclopedia",
    year = "2020",
    howpublished = "\url{https://en.wikipedia.org/w/index.php?title=Cross-correlation&oldid=992476453}",
    note = "[Online; accessed 6-December-2020]"
  }

  @misc{ wiki:coranddep,
    author = "{Wikipedia contributors}",
    title = "Correlation and dependence --- {Wikipedia}{,} The Free Encyclopedia",
    year = "2020",
    howpublished = "\url{https://en.wikipedia.org/w/index.php?title=Correlation_and_dependence&oldid=991370730}",
    note = "[Online; accessed 6-December-2020]"
  }

  @misc{ wiki:fourier,
    author = "{Wikipedia contributors}",
    title = "Fourier transform --- {Wikipedia}{,} The Free Encyclopedia",
    year = "2020",
    howpublished = "\url{https://en.wikipedia.org/w/index.php?title=Fourier_transform&oldid=992485222}",
    note = "[Online; accessed 6-December-2020]"
  }

